@inproceedings{paper8,
    author={Leonardo Mauro Pereira Moraes and Robson Leonardo Ferreira Cordeiro},
    title={Detecting Influencers in Very Large Social Networks of Games},
    booktitle={Proceedings of the 21st International Conference on Enterprise Information Systems - Volume 1: ICEIS,},
    year={2019},
    pages={93-103},
    publisher={SciTePress},
    organization={INSTICC},
    address={Crete, Greece},
    doi={10.5220/0007728200930103},
    isbn={978-989-758-372-8},
}

@inproceedings{paper9,
    author={Leonardo Mauro Pereira Moraes and Robson Leonardo Ferreira Cordeiro},
    title        = {SMMnet: A Social Network of Games Dataset},
    booktitle    = {Brazilian Symposium on Databases (SBBD) 2019 - Dataset Showcase Workshop (DSW)},
    days         = {7-10},
    month        = {oct},
    year         = {2019},
    organization = {Brazilian Computer Society (SBC)},
    address      = {Cear\'a, Brazil},
    url          = {https://www.kaggle.com/leomauro/smmnet}
}

@inproceedings{paper7,
  title={Classification Analysis of NDVI Time Series in Metric Spaces for Sugarcane Identification},
  author={Kunze, Lucas Felipe and Amaral, Th√°bata and Moraes, Leonardo Mauro Pereira and Oliveira, Jadson Jose Monteiro and Junior, Altamir Gomes Bispo and de Sousa, Elaine Parros Machado and Cordeiro, Robson Leonardo Ferreira},
  booktitle={20th International Conference on Enterprise Information Systems},
  address={Madeira, Portugal},
  isbn={978-989-758-298-1},
  doi={10.5220/0006709401620169},
  volume={1},
  year={2018}
}
